@article{li2022new,
  title={A New Deep Anomaly Detection-Based Method for User Authentication Using Multichannel Surface EMG Signals of Hand Gestures},
  author={Li, Qingqing and Luo, Zhirui and Zheng, Jun},
  journal={\textbf{IEEE Transactions on Instrumentation and Measurement}},
  volume={71},
  pages={1--11},
  year={2022},
  publisher={IEEE}
}

@article{zamani2018patterns,
  title={Patterns in bone drilling performance before and after the 2017 motors skills course of the southwest orthopaedic trauma association},
  author={Zamani, Naghmeh and Luo, Zhirui and Pourkand, Ashkan and Salas, Christina and Mercer, Deana and Grow, David I},
  journal={\textbf{UNM Orthopaedic Research Journal}},
  volume={7},
  number={1},
  pages={23},
  year={2018}
}

@article{qi2022novel,
  title={A Novel Unsupervised Data-Driven Method for Electricity Theft Detection in AMI Using Observer Meters},
  author={Qi, Ruobin and Zheng, Jun and Luo, Zhirui and Li, Qingqing},
  journal={\textbf{IEEE Transactions on Instrumentation and Measurement}},
  volume={71},
  pages={1--10},
  year={2022},
  publisher={IEEE}
}

@article{luo2021study,
  title={A Study of Adversarial Attacks and Detection on Deep Learning-Based Plant Disease Identification},
  author={Luo, Zhirui and Li, Qingqing and Zheng, Jun},
  journal={\textbf{Applied Sciences}},
  volume={11},
  number={4},
  pages={1878},
  year={2021},
  publisher={MDPI}
}

@article{luo2021deep,
  title={Deep Feature Fusion for Rumor Detection on Twitter},
  author={Luo, Zhirui and Li, Qingqing and Zheng, Jun},
  journal={\textbf{IEEE Access}},
  volume={9},
  pages={126065--126074},
  year={2021},
  publisher={IEEE}
}

@inproceedings{li2021deep,
  title={Deep Learning-based User Authentication with Surface EMG Images of Hand Gestures},
  author={Li, Qingqing and Luo, Zhirui and Zheng, Jun},
  booktitle={\textbf{2021 43rd Annual International Conference of the IEEE Engineering in Medicine \& Biology Society (EMBC)}},
  pages={2038--2041},
  year={2021},
  organization={IEEE}
}

@inproceedings{luo2022abode-net,
  author          = {Luo, Zhirui and Qi, Ruobin and Li, Qingqing and Zheng, Jun and Shao, Sihua},
  booktitle       = {\textbf{The 7th International Conference on Smart Computing and Communication (SmartCom 2022)}},
  editor          = {},
  title           = {ABODE-Net: An Attention-based Deep Learning Model for Non-intrusive Building Occupancy Detection Using Smart Meter Data},
  year            = {2022},
  organization    = {},
  address         = {New York, USA},
}

@article{li2015research,
  author          = {Li, Wan and Song, Wenguang and Zou, Jialun and Luo, Zhirui and Peng, Wenhao},
  journal         = {\textbf{Journal of Hubei University of Technology}},
  volume          = {30},
  title           = {Research and Implementation of 3D Horizontal Well Track Visualization Based on C\#},
  issue           = {1},
  pages           = {23-24},
  year            = {2015}
}

@ARTICLE{li2023deeptpa,
  author={Li, Qingqing and Luo, Zhirui and Qi, Ruobin and Zheng, Jun},
  journal={IEEE Access}, 
  title={DeepTPA-Net: A Deep Triple Attention Network for sEMG-Based Hand Gesture Recognition}, 
  year={2023},
  volume={11},
  number={},
  pages={96797-96807},
  doi={10.1109/ACCESS.2023.3312219}}


@article{qi2023deepsmi,
title = {Deep semi-supervised electricity theft detection in AMI for sustainable and secure smart grids},
journal = {Sustainable Energy, Grids and Networks},
volume = {36},
pages = {101219},
year = {2023},
issn = {2352-4677},
doi = {https://doi.org/10.1016/j.segan.2023.101219},
author = {Ruobin Qi and Qingqing Li and Zhirui Luo and Jun Zheng and Sihua Shao},
}
